@misc{ajaypal,
 author = {Ajaypal Singh Dhillon},
 title = {Elliptic Curce Cryptographic Co-Processor Components for Security on Medical Embedded Systems},
 howpublished = {Department of Electronic and Communication Engineering},
 year = {2011},
 publisher = {Thapar University}
}

@misc{puttmann,
 author = {Christoph Puttmann},
 title = {Ressourceneffiziente Hardware-Software-Kombinationen für Kryptographie mit elliptischen Kurven},
 howpublished = {Technische Fakultät},
 year = {2014},
 publisher = {Universität Bielefeld}
}
